<?xml version="1.0" encoding="UTF-8"?><collection xmlns="http://www.loc.gov/MARC21/slim"><record><leader>00544nam--2200181-i-4500</leader><controlfield tag="001">000044614</controlfield><controlfield tag="002">20161230</controlfield><controlfield tag="005">20161230201044</controlfield><controlfield tag="008">060222s1000------------r-----000-0-eng-d</controlfield><datafield ind1=" " ind2=" " tag="040"><subfield code="a">IFIN-HH</subfield></datafield><datafield ind1=" " ind2=" " tag="080"><subfield code="a">539.184:539.126:53.081</subfield></datafield><datafield ind1="1" ind2=" " tag="100"><subfield code="a">Thomas, E.W</subfield></datafield><datafield ind1="1" ind2="0" tag="245"><subfield code="a">Excitation in heavy particle collisions</subfield><subfield code="c">E.w. thomas</subfield></datafield><datafield ind1=" " ind2=" " tag="260"><subfield code="a">New York</subfield><subfield code="b">Wiley Interscience</subfield><subfield code="c">1972</subfield></datafield><datafield ind1=" " ind2=" " tag="300"><subfield code="a">XIV + 436P</subfield></datafield><datafield ind1=" " ind2=" " tag="490"><subfield code="a">Wiley-interscience Saeries In Atomic And Molecular Collisional Processes</subfield></datafield><datafield ind1=" " ind2=" " tag="852"><subfield code="a">37041</subfield><subfield code="c">53.081</subfield></datafield><datafield ind1=" " ind2=" " tag="CAT"><subfield code="a">Sys</subfield><subfield code="c">20160330</subfield><subfield code="h">103315</subfield></datafield></record></collection>